@article{XMLbasedApproaches,
    title={XML-based approaches for the integration of heterogeneous bio-molecular data},
    volume={10}, DOI={10.1186/1471-2105-10-s12-s7}, number={S12}, journal={BMC Bioinformatics}, author={Mesiti, Marco and Jiménez-Ruiz, Ernesto and Sanz, Ismael and Berlanga-Llavori, Rafael and Perlasca, Paolo and Valentini, Giorgio and Manset, David}, year={2009}, month={Oct}}

@book{TransactionsonLargeScale,
    title={Transactions on large-scale data- and knowledge-centered systems XXIV: Special issue on database- and expert-systems applications},
    place={Berlin}, publisher={Springer}, author={Hameurlain, Abdelkader and Küng, Josef and Wagner, Roland R. and Decker, Hendrik and Lhotská, Lenka and Link, Sebastian}, year={2016}}

@article{MetaTron,
    title={Metatron: Advancing Biomedical Annotation Empowering Relation Annotation and collaboration},
    volume={25}, DOI={10.1186/s12859-024-05730-9}, number={1}, journal={BMC Bioinformatics}, author={Irrera, Ornella and Marchesin, Stefano and Silvello, Gianmaria}, year={2024}, month={Mar}}

@article{EDAMpaper,
    title={Edam: An ontology of bioinformatics operations, types of data and identifiers, topics and formats},
    volume={29}, DOI={10.1093/bioinformatics/btt113}, number={10}, journal={Bioinformatics}, author={Ison, Jon and Kalaš, Matúš and Jonassen, Inge and Bolser, Dan and Uludag, Mahmut and McWilliam, Hamish and Malone, James and Lopez, Rodrigo and Pettifer, Steve and Rice, Peter}, year={2013}, month={Mar}, pages={1325–1332}}

@misc{EDAMsite,
    title={{EDAM - Ontology of bioscientific data analysis and data management}},
    url={https://edamontology.org/}, journal={EDAM}}

%Extra Resources XML:
@article{RNAML,
    title={RNAML: A standard syntax for exchanging RNA information},
    volume={8}, DOI={10.1017/s1355838202028017}, number={6}, journal={RNA}, author={WAUGH, ALLISON and GENDRON, PATRICK and ALTMAN, RUSS and BROWN, JAMES W. and CASE, DAVID and GAUTHERET, DANIEL and HARVEY, STEPHEN C. and LEONTIS, NEOCLES and WESTBROOK, JOHN and WESTHOF, ERIC and et al.}, year={2002}, month={Jun}, pages={707–717}}

@article{SBML,
    title={The Systems Biology Markup Language (SBML): A medium for representation and exchange of biochemical network models},
    volume={19}, DOI={10.1093/bioinformatics/btg015}, number={4}, journal={Bioinformatics}, author={Hucka, M. and Finney, A. and Sauro, H. M. and Bolouri, H. and Doyle, J. C. and Kitano, H. and Arkin, A. P. and Bornstein, B. J. and Bray, D. and Cornish-Bowden, A. and et al.}, year={2003}, month={Mar}, pages={524–531}}

 @article{CellML,
     title={CellML: Its future, present and past},
     volume={85}, DOI={10.1016/j.pbiomolbio.2004.01.004}, number={2–3}, journal={Progress in Biophysics and Molecular Biology}, author={Lloyd, Catherine M. and Halstead, Matt D.B. and Nielsen, Poul F.}, year={2004}, month={Jun}, pages={433–450}}

%Extra Resources EDAM:

    @article{BioOntologies,
        title={Ontologies for Bioinformatics},
        volume={2}, DOI={10.4137/bbi.s451}, journal={Bioinformatics and Biology Insights}, author={Schuurman, Nadine and Leszczynski, Agnieszka}, year={2008}, month={Jan}}

    @misc{OntologyWiki,
        title = {Ontology (information science)},
        url={https://en.wikipedia.org/wiki/Ontology_(information_science)}, journal={Wikipedia}, publisher={Wikimedia Foundation}, year={2024}, month={Aug}}